<record><leader>00000cas a22000007a 4500</leader><controlfield tag="001">13188552</controlfield><controlfield tag="008">860224c18919999sduwr ne      0    0eng  </controlfield><datafield ind1=" " ind2=" " tag="010"><subfield code="a">sn 86071138 </subfield></datafield><datafield ind1=" " ind2=" " tag="040"><subfield code="a">DLC</subfield><subfield code="b">eng</subfield><subfield code="c">DLC</subfield><subfield code="d">SXN</subfield><subfield code="d">DLC</subfield><subfield code="d">CRL</subfield><subfield code="d">OCLCQ</subfield><subfield code="d">OCLCO</subfield><subfield code="d">OCLCQ</subfield><subfield code="d">OCLCF</subfield></datafield><datafield ind1="1" ind2=" " tag="029"><subfield code="a">AU@</subfield><subfield code="b">000026225713</subfield></datafield><datafield ind1=" " ind2=" " tag="042"><subfield code="a">msc</subfield></datafield><datafield ind1=" " ind2=" " tag="043"><subfield code="a">n-us-sd</subfield></datafield><datafield ind1="0" ind2="0" tag="050"><subfield code="a">Newspaper</subfield></datafield><datafield ind1="0" ind2="0" tag="245"><subfield code="a">Belle Fourche bee.</subfield></datafield><datafield ind1="1" ind2=" " tag="246"><subfield code="i">Issues for Jan. 10-Feb. 21, 1901 called:</subfield><subfield code="a">Bee and times</subfield></datafield><datafield ind1=" " ind2=" " tag="260"><subfield code="a">Belle Fourche, Butte County, S.D. :</subfield><subfield code="b">Ralston &amp; Glassie</subfield></datafield><datafield ind1=" " ind2=" " tag="300"><subfield code="a">v.</subfield></datafield><datafield ind1=" " ind2=" " tag="310"><subfield code="a">Weekly</subfield></datafield><datafield ind1="1" ind2=" " tag="362"><subfield code="a">Began with May 27, 1891 issue.</subfield></datafield><datafield ind1=" " ind2=" " tag="515"><subfield code="a">Vol. 11, no. 2 (Jan. 10, 1901)-v. 100, no. 39 (Sept. 27, 1991) called also old ser., v. 6, no. 2-v. 91, no. 39.</subfield></datafield><datafield ind1=" " ind2=" " tag="515"><subfield code="a">Volume numbers irregular.</subfield></datafield><datafield ind1=" " ind2=" " tag="530"><subfield code="a">Available on microfilm from: State Archives, South Dakota State Historical Society.</subfield></datafield><datafield ind1=" " ind2=" " tag="580"><subfield code="a">Wed. ed.: Belle Fourche post, Oct. 2, 1991-</subfield></datafield><datafield ind1=" " ind2=" " tag="580"><subfield code="a">Daily eds.: Belle Fourche daily post (Belle Fourche, S.D. : 1955), May 1, 1956-1957, and: Daily Belle Fourche post (Belle Fourche, S.D. : 1957), 1957-1970, and: Belle Fourche daily post (Belle Fourche, S.D. : 1970), 1970-1975, and: Daily Belle Fourche post (Belle Fourche, S.D. : 1975), 1975-1978, and: Belle Fourche daily post (Belle Fourche, S.D. : 1978), 1978-1979, and: Daily Belle Fourche post (Belle Fourche, S.D. : 1979), 1979-1984, and: Daily post (Belle Fourche, S.D. : 1985), 1985-1986, and: Belle Fourche daily post (Belle Fourche, S.D. : 1986), 1986-Sept. 28, 1991.</subfield></datafield><datafield ind1=" " ind2=" " tag="588"><subfield code="a">Description based on: Vol. 9, no. 2 (Jan. 5, [1899]).</subfield></datafield><datafield ind1=" " ind2="0" tag="651"><subfield code="a">Belle Fourche (S.D.)</subfield><subfield code="v">Newspapers.</subfield></datafield><datafield ind1=" " ind2="0" tag="651"><subfield code="a">Butte County (S.D.)</subfield><subfield code="v">Newspapers.</subfield></datafield><datafield ind1=" " ind2="7" tag="655"><subfield code="a">Newspapers.</subfield><subfield code="2">fast</subfield><subfield code="0">(OCoLC)fst01423814</subfield></datafield><datafield ind1=" " ind2="7" tag="651"><subfield code="a">South Dakota</subfield><subfield code="z">Belle Fourche.</subfield><subfield code="2">fast</subfield><subfield code="0">(OCoLC)fst01228908</subfield></datafield><datafield ind1=" " ind2="7" tag="651"><subfield code="a">South Dakota</subfield><subfield code="z">Butte County.</subfield><subfield code="2">fast</subfield><subfield code="0">(OCoLC)fst01215575</subfield></datafield><datafield ind1=" " ind2=" " tag="752"><subfield code="a">United States</subfield><subfield code="b">South Dakota</subfield><subfield code="c">Butte</subfield><subfield code="d">Belle Fourche.</subfield></datafield><datafield ind1="1" ind2=" " tag="775"><subfield code="t">Belle Fourche post</subfield><subfield code="w">(DLC)sn 97065734</subfield></datafield><datafield ind1="1" ind2=" " tag="775"><subfield code="t">Belle Fourche daily post (Belle Fourche, S.D. : 1955)</subfield><subfield code="w">(DLC)sn 97065726</subfield></datafield><datafield ind1="1" ind2=" " tag="775"><subfield code="t">Daily Belle Fourche post (Belle Fourche, S.D. : 1957)</subfield><subfield code="w">(DLC)sn 97065727</subfield></datafield><datafield ind1="1" ind2=" " tag="775"><subfield code="t">Belle Fourche daily post (Belle Fourche, S.D. : 1970)</subfield><subfield code="w">(DLC)sn 97065728</subfield></datafield><datafield ind1="1" ind2=" " tag="775"><subfield code="t">Daily Belle Fourche post (Belle Fourche, S.D. : 1975)</subfield><subfield code="w">(DLC)sn 97065729</subfield></datafield><datafield ind1="1" ind2=" " tag="775"><subfield code="t">Belle Fourche daily post (Belle Fourche, S.D. : 1978)</subfield><subfield code="w">(DLC)sn 97065730</subfield></datafield><datafield ind1="1" ind2=" " tag="775"><subfield code="t">Daily Belle Fourche post (Belle Fourche, S.D. : 1979)</subfield><subfield code="w">(DLC)sn 97065731</subfield></datafield><datafield ind1="1" ind2=" " tag="775"><subfield code="t">Daily post (Belle Fourche, S.D. : 1985)</subfield><subfield code="w">(DLC)sn 97065732</subfield></datafield><datafield ind1="1" ind2=" " tag="775"><subfield code="t">Belle Fourche daily post (Belle Fourche, S.D. : 1986)</subfield><subfield code="w">(DLC)sn 97065733</subfield></datafield><datafield ind1="0" ind2="5" tag="780"><subfield code="t">Belle Fourche times</subfield><subfield code="w">(DLC)sn 97065715</subfield></datafield></record>